Transaction Date,Transaction Type,Sort Code,Account Number,Transaction Description,Debit Amount,Credit Amount,Balance
23/06/2017,DEB,'77-85-26,42051368,TESCO STORES 5194,59.50,,3604.44
23/06/2017,BGC,'77-85-26,42051368,ASDA STORES PLC,,425.57,3663.94
22/06/2017,DEB,'77-85-26,42051368,ASDA STORES 4510,7.26,,3238.37
22/06/2017,DEB,'77-85-26,42051368,ASDA STORES 4510,5.90,,3245.63
22/06/2017,DEB,'77-85-26,42051368,ASDA STORES 4510,2.00,,3251.53
21/06/2017,DEB,'77-85-26,42051368,W M MORRISONS PLC,9.87,,3253.53
21/06/2017,FPO,'77-85-26,42051368,KATE RODEN,111.22,,3263.40
20/06/2017,DEB,'77-85-26,42051368,LATE SHOP,4.95,,3374.62
20/06/2017,COR,'77-85-26,42051368,KATE RODEN,,111.22,3379.57
20/06/2017,FPO,'77-85-26,42051368,KATE RODEN,111.22,,3268.35
19/06/2017,DEB,'77-85-26,42051368,ASDA STORES 4510,9.24,,3379.57
19/06/2017,DEB,'77-85-26,42051368,ASDA STORES 4510,4.00,,3388.81
19/06/2017,DEB,'77-85-26,42051368,ASDA STORES 4510,1.35,,3392.81
15/06/2017,DEB,'77-85-26,42051368,ASDA STORES 4510,7.42,,3394.16
15/06/2017,DEB,'77-85-26,42051368,ASDA STORES 4510,5.00,,3401.58
14/06/2017,DEB,'77-85-26,42051368,W M MORRISONS PLC,6.00,,3406.58
14/06/2017,TFR,'77-85-26,42051368,MR JACK A WILSON,31.00,,3412.58
14/06/2017,DD,'77-85-26,42051368,PAYPAL PAYMENT,20.00,,3443.58
12/06/2017,DEB,'77-85-26,42051368,ASDA STORES 4510,8.66,,3463.58
12/06/2017,DEB,'77-85-26,42051368,ASDA STORES 4510,3.64,,3472.24
09/06/2017,DEB,'77-85-26,42051368,BANGOR UNIVERSITY,7.94,,3475.88
09/06/2017,DEB,'77-85-26,42051368,BANGOR UNIVERSITY,3.40,,3483.82
08/06/2017,DEB,'77-85-26,42051368,ASDA STORES 4510,5.00,,3487.22
06/06/2017,FPI,'77-85-26,42051368,PAYPAL,,100.00,3492.22
06/06/2017,DEB,'77-85-26,42051368,MCDONALDS,10.97,,3392.22
06/06/2017,DEB,'77-85-26,42051368,ASDA STORES 4510,7.16,,3403.19
06/06/2017,DEB,'77-85-26,42051368,ASDA STORES 4510,4.90,,3410.35
06/06/2017,DEB,'77-85-26,42051368,BELLE VUE,4.20,,3415.25
05/06/2017,DEB,'77-85-26,42051368,ASDA STORES 4510,8.06,,3419.45
05/06/2017,DEB,'77-85-26,42051368,ASDA STORES 4510,3.26,,3427.51
05/06/2017,DEB,'77-85-26,42051368,GIFFGAFF.COM,5.00,,3430.77
02/06/2017,DEB,'77-85-26,42051368,MCDONALDS,14.96,,3435.77
01/06/2017,DEB,'77-85-26,42051368,ASDA STORES 4510,5.00,,3450.73
01/06/2017,DEB,'77-85-26,42051368,ASDA STORES 4510,4.05,,3455.73
30/05/2017,DEB,'77-85-26,42051368,MCDONALDS,14.21,,3459.78
30/05/2017,DEB,'77-85-26,42051368,BAR UNO,8.20,,3473.99
30/05/2017,DEB,'77-85-26,42051368,BAR UNO,3.60,,3482.19
30/05/2017,DEB,'77-85-26,42051368,BAR UNO,3.60,,3485.79
30/05/2017,DEB,'77-85-26,42051368,ASDA STORES 4510,5.00,,3489.39
26/05/2017,DEB,'77-85-26,42051368,NORTH WALES MEATS,31.20,,3494.39
26/05/2017,DEB,'77-85-26,42051368,TESCO STORES 5194,9.84,,3525.59
26/05/2017,DEB,'77-85-26,42051368,BANGOR UNIVERSITY,3.10,,3535.43
26/05/2017,DEB,'77-85-26,42051368,BANGOR UNIVERSITY,8.60,,3538.53
26/05/2017,DEB,'77-85-26,42051368,MCDONALDS,8.07,,3547.13
26/05/2017,DD,'77-85-26,42051368,PAYPAL PAYMENT,100.00,,3555.20
26/05/2017,DD,'77-85-26,42051368,PAYPAL PAYMENT,25.00,,3655.20
26/05/2017,BGC,'77-85-26,42051368,ASDA STORES PLC,,423.55,3680.20
24/05/2017,DEB,'77-85-26,42051368,W M MORRISONS PLC,3.00,,3256.65
24/05/2017,DD,'77-85-26,42051368,PAYPAL PAYMENT,100.00,,3259.65
19/05/2017,DEB,'77-85-26,42051368,W M MORRISONS PLC,3.75,,3359.65
17/05/2017,DEB,'77-85-26,42051368,W M MORRISONS PLC,3.00,,3363.40
15/05/2017,TFR,'77-85-26,42051368,MR JACK A WILSON,20.00,,3366.40
10/05/2017,TFR,'77-85-26,42051368,MR JACK A WILSON,66.00,,3386.40
10/05/2017,DD,'77-85-26,42051368,PAYPAL PAYMENT,50.00,,3452.40
10/05/2017,DD,'77-85-26,42051368,PAYPAL PAYMENT,25.00,,3502.40
09/05/2017,DEB,'77-85-26,42051368,W M MORRISONS PLC,3.00,,3527.40
04/05/2017,DEB,'77-85-26,42051368,Amazon UK Retail,40.51,,3530.40
04/05/2017,DEB,'77-85-26,42051368,Amazon UK Marketpl,8.55,,3570.91
04/05/2017,DEB,'77-85-26,42051368,ASDA STORES 4510,4.80,,3579.46
04/05/2017,DEB,'77-85-26,42051368,ASDA STORES 4510,1.00,,3584.26
04/05/2017,DD,'77-85-26,42051368,PAYPAL PAYMENT,12.01,,3585.26
03/05/2017,DEB,'77-85-26,42051368,GIFFGAFF.COM,5.00,,3597.27
02/05/2017,DEB,'77-85-26,42051368,TESCO STORES 5194,7.50,,3602.27
02/05/2017,DEB,'77-85-26,42051368,Amazon UK Marketpl,3.99,,3609.77
02/05/2017,DEB,'77-85-26,42051368,ASDA STORES 4510,3.80,,3613.76
02/05/2017,DEB,'77-85-26,42051368,ASDA STORES 4510,2.50,,3617.56
02/05/2017,DEB,'77-85-26,42051368,W M MORRISONS PLC,3.00,,3620.06
02/05/2017,TFR,'77-85-26,42051368,MR JACK A WILSON,45.00,,3623.06
28/04/2017,DEB,'77-85-26,42051368,BANGOR UNIVERSITY,1528.14,,3668.06
28/04/2017,DEB,'77-85-26,42051368,W M MORRISONS PLC,2.00,,5196.20
28/04/2017,BGC,'77-85-26,42051368,ASDA STORES PLC,,368.96,5198.20
27/04/2017,DEB,'77-85-26,42051368,ASDA STORES 4510,3.75,,4829.24
27/04/2017,DEB,'77-85-26,42051368,ASDA STORES 4510,1.30,,4832.99
25/04/2017,DEB,'77-85-26,42051368,ASDA STORES 4510,10.90,,4834.29
25/04/2017,DEB,'77-85-26,42051368,W M MORRISONS PLC,3.00,,4845.19
24/04/2017,DEB,'77-85-26,42051368,ASDA STORES 4510,4.00,,4848.19
24/04/2017,DEB,'77-85-26,42051368,ASDA STORES 4510,2.30,,4852.19
24/04/2017,DEB,'77-85-26,42051368,ASDA STORES 4510,1.30,,4854.49
24/04/2017,BGC,'77-85-26,42051368,SLC DISBURSEMENTS,,1422.90,4855.79
24/04/2017,BGC,'77-85-26,42051368,SLC DISBURSEMENTS,,1129.00,3432.89
21/04/2017,DEB,'77-85-26,42051368,TESCO STORES 5194,98.75,,2303.89
20/04/2017,DEB,'77-85-26,42051368,ASDA STORES 4510,4.00,,2402.64
20/04/2017,DEB,'77-85-26,42051368,ASDA STORES 4510,3.60,,2406.64
20/04/2017,DD,'77-85-26,42051368,PAYPAL PAYMENT,462.98,,2410.24
20/04/2017,DD,'77-85-26,42051368,PAYPAL PAYMENT,9.60,,2873.22
18/04/2017,DEB,'77-85-26,42051368,W M MORRISON PLC,59.15,,2882.82
18/04/2017,DEB,'77-85-26,42051368,ASDA STORES 4510,3.01,,2941.97
18/04/2017,DEB,'77-85-26,42051368,ASDA STORES 4510,3.00,,2944.98
18/04/2017,DD,'77-85-26,42051368,PAYPAL PAYMENT,25.00,,2947.98
18/04/2017,DD,'77-85-26,42051368,PAYPAL PAYMENT,25.00,,2972.98
13/04/2017,DEB,'77-85-26,42051368,ASDA STORES 4510,4.00,,2997.98
13/04/2017,DD,'77-85-26,42051368,PAYPAL PAYMENT,20.00,,3001.98
12/04/2017,DD,'77-85-26,42051368,PAYPAL PAYMENT,25.00,,3021.98
12/04/2017,DD,'77-85-26,42051368,PAYPAL PAYMENT,4.00,,3046.98
10/04/2017,DEB,'77-85-26,42051368,ASDA STORES 4510,3.16,,3050.98
10/04/2017,DEB,'77-85-26,42051368,ASDA STORES 4510,3.00,,3054.14
07/04/2017,DEB,'77-85-26,42051368,MCDONALDS,7.68,,3057.14
06/04/2017,DEB,'77-85-26,42051368,ASDA STORES 4510,4.00,,3064.82
06/04/2017,DEB,'77-85-26,42051368,ASDA STORES 4510,2.00,,3068.82
04/04/2017,DEB,'77-85-26,42051368,W M MORRISONS PLC,3.75,,3070.82
03/04/2017,DEB,'77-85-26,42051368,GIFFGAFF.COM,5.00,,3074.57
03/04/2017,DEB,'77-85-26,42051368,ASDA STORES 4510,4.00,,3079.57
03/04/2017,DEB,'77-85-26,42051368,ASDA STORES 4510,1.00,,3083.57
03/04/2017,DEB,'77-85-26,42051368,TESCO STORES 5194,66.70,,3084.57
03/04/2017,DEB,'77-85-26,42051368,W M MORRISONS PLC,4.00,,3151.27
03/04/2017,DEB,'77-85-26,42051368,W M MORRISONS PLC,3.40,,3155.27
03/04/2017,DEB,'77-85-26,42051368,W M MORRISONS PLC,1.00,,3158.67
31/03/2017,DEB,'77-85-26,42051368,ASDA STORES 4510,4.00,,3159.67
31/03/2017,DEB,'77-85-26,42051368,ASDA STORES 4510,2.50,,3163.67
31/03/2017,BGC,'77-85-26,42051368,ASDA STORES PLC,,303.30,3166.17
30/03/2017,DEB,'77-85-26,42051368,W M MORRISONS PLC,3.00,,2862.87
30/03/2017,TFR,'77-85-26,42051368,J WILSON,,42.00,2865.87
29/03/2017,DD,'77-85-26,42051368,PAYPAL PAYMENT,25.00,,2823.87
27/03/2017,DEB,'77-85-26,42051368,ASDA STORES 4510,7.00,,2848.87
27/03/2017,DEB,'77-85-26,42051368,ASDA STORES 4510,3.20,,2855.87
27/03/2017,DEB,'77-85-26,42051368,ASDA STORES 4510,1.39,,2859.07
24/03/2017,DEB,'77-85-26,42051368,W M MORRISONS PLC,4.00,,2860.46
23/03/2017,DEB,'77-85-26,42051368,ASDA STORES 4510,4.39,,2864.46
23/03/2017,DEB,'77-85-26,42051368,ASDA STORES 4510,3.78,,2868.85
21/03/2017,DEB,'77-85-26,42051368,Amazon UK Marketpl,25.41,,2872.63
21/03/2017,DEB,'77-85-26,42051368,W M MORRISONS PLC,3.00,,2898.04
20/03/2017,DEB,'77-85-26,42051368,AMAZON UK RETAIL A,49.99,,2901.04
20/03/2017,DEB,'77-85-26,42051368,ASDA STORES 4510,5.78,,2951.03
20/03/2017,DEB,'77-85-26,42051368,ASDA STORES 4510,4.39,,2956.81
20/03/2017,DEB,'77-85-26,42051368,ASDA STORES 4510,1.39,,2961.20
16/03/2017,DEB,'77-85-26,42051368,ASDA STORES 4510,3.99,,2962.59
16/03/2017,DEB,'77-85-26,42051368,ASDA STORES 4510,1.50,,2966.58
14/03/2017,DEB,'77-85-26,42051368,Amazon UK Marketpl,43.68,,2968.08
13/03/2017,DEB,'77-85-26,42051368,ASDA STORES 4510,1.50,,3011.76
13/03/2017,DEB,'77-85-26,42051368,AMAZON UK RETAIL A,75.65,,3013.26
13/03/2017,DEB,'77-85-26,42051368,TESCO STORES 5194,66.99,,3088.91
13/03/2017,DEB,'77-85-26,42051368,W M MORRISONS PLC,3.00,,3155.90
13/03/2017,DEB,'77-85-26,42051368,W M MORRISONS PLC,1.35,,3158.90
10/03/2017,DD,'77-85-26,42051368,PAYPAL PAYMENT,20.00,,3160.25
08/03/2017,DEB,'77-85-26,42051368,DEBENHAMS,41.50,,3180.25
08/03/2017,DEB,'77-85-26,42051368,W M MORRISONS PLC,2.15,,3221.75
03/03/2017,DEB,'77-85-26,42051368,TESCO STORES 5194,53.13,,3223.90
03/03/2017,DEB,'77-85-26,42051368,GIFFGAFF.COM,5.00,,3277.03
03/03/2017,BGC,'77-85-26,42051368,ASDA STORES PLC,,241.88,3282.03
02/03/2017,TFR,'77-85-26,42051368,J WILSON,,58.00,3040.15
02/03/2017,DEB,'77-85-26,42051368,ASDA STORES 4510,4.00,,2982.15
01/03/2017,DD,'77-85-26,42051368,PAYPAL PAYMENT,25.00,,2986.15
01/03/2017,BGC,'77-85-26,42051368,HEI BURSARY PAYMT,,1500.00,3011.15
28/02/2017,DEB,'77-85-26,42051368,W M MORRISONS PLC,11.07,,1511.15
24/02/2017,DEB,'77-85-26,42051368,W M MORRISONS PLC,5.74,,1522.22
23/02/2017,DEB,'77-85-26,42051368,ASDA STORES 4510,4.54,,1527.96
23/02/2017,DEB,'77-85-26,42051368,ASDA STORES 4510,3.25,,1532.50
21/02/2017,DEB,'77-85-26,42051368,AMAZON UK RETAIL A,18.98,,1535.75
21/02/2017,DEB,'77-85-26,42051368,TESCO STORES 5194,16.98,,1554.73
21/02/2017,DEB,'77-85-26,42051368,ASDA STORES 4510,2.78,,1571.71
20/02/2017,DEB,'77-85-26,42051368,TESCO STORES 5194,93.52,,1574.49
16/02/2017,DEB,'77-85-26,42051368,ASDA STORES 4510,2.19,,1668.01
13/02/2017,DEB,'77-85-26,42051368,TESCO STORES 5194,77.28,,1670.20
13/02/2017,DEB,'77-85-26,42051368,W M MORRISONS PLC,3.97,,1747.48
10/02/2017,DEB,'77-85-26,42051368,W M MORRISONS PLC,4.99,,1751.45
08/02/2017,DEB,'77-85-26,42051368,W M MORRISONS PLC,22.11,,1756.44
07/02/2017,DEB,'77-85-26,42051368,W M MORRISO 000000,23.00,,1778.55
07/02/2017,DEB,'77-85-26,42051368,W M MORRISONS PLC,1.60,,1801.55
03/02/2017,DEB,'77-85-26,42051368,GIFFGAFF.COM,5.00,,1803.15
03/02/2017,DD,'77-85-26,42051368,PAYPAL PAYMENT,20.00,,1808.15
03/02/2017,BGC,'77-85-26,42051368,ASDA STORES PLC,,140.19,1828.15
01/02/2017,DEB,'77-85-26,42051368,W M MORRISONS PLC,1.00,,1687.96
27/01/2017,DEB,'77-85-26,42051368,TESCO STORES 5194,68.34,,1688.96
27/01/2017,DEB,'77-85-26,42051368,W M MORRISONS PLC,3.20,,1757.30
27/01/2017,DEB,'77-85-26,42051368,W M MORRISONS PLC,3.00,,1760.50
26/01/2017,DEB,'77-85-26,42051368,WWW.HSAMUEL.CO.UK,49.99,,1763.50
25/01/2017,DEB,'77-85-26,42051368,W M MORRISONS PLC,7.68,,1813.49
24/01/2017,DEB,'77-85-26,42051368,W M MORRISONS PLC,7.19,,1821.17
20/01/2017,DD,'77-85-26,42051368,PAYPAL PAYMENT,21.00,,1828.36
16/01/2017,DEB,'77-85-26,42051368,TESCO STORES 5194,53.45,,1849.36
16/01/2017,DEB,'77-85-26,42051368,help.jagex.com,35.99,,1902.81
16/01/2017,DEB,'77-85-26,42051368,help.jagex.com,35.99,,1938.80
16/01/2017,DEB,'77-85-26,42051368,help.jagex.com,5.99,,1974.79
16/01/2017,DEB,'77-85-26,42051368,BANGOR UNIVERSITY,3.58,,1980.78
13/01/2017,DEB,'77-85-26,42051368,BANGOR UNIVERSITY,1528.14,,1984.36
13/01/2017,DEB,'77-85-26,42051368,W M MORRISONS PLC,2.00,,3512.50
12/01/2017,DEB,'77-85-26,42051368,GIFFGAFF.COM,10.00,,3514.50
11/01/2017,DEB,'77-85-26,42051368,W M MORRISONS PLC,4.47,,3524.50
11/01/2017,DEB,'77-85-26,42051368,W M MORRISONS PLC,4.20,,3528.97
09/01/2017,BGC,'77-85-26,42051368,SLC DISBURSEMENTS,,1381.05,3533.17
09/01/2017,BGC,'77-85-26,42051368,SLC DISBURSEMENTS,,1129.00,2152.12
06/01/2017,TFR,'77-85-26,42051368,MR JACK A WILSON,22.50,,1023.12
06/01/2017,BGC,'77-85-26,42051368,ASDA STORES PLC,,139.94,1045.62
05/01/2017,DEB,'77-85-26,42051368,Amazon UK Marketpl,32.59,,905.68
04/01/2017,DEB,'77-85-26,42051368,W M MORRISONS PLC,6.73,,938.27
03/01/2017,DEB,'77-85-26,42051368,GIFFGAFF.COM,5.00,,945.00
03/01/2017,DEB,'77-85-26,42051368,W M MORRISONS PLC,29.69,,950.00
03/01/2017,DEB,'77-85-26,42051368,Amazon UK Marketpl,7.99,,979.69
03/01/2017,DEB,'77-85-26,42051368,W M MORRISON PLC,3.69,,987.68
28/12/2016,DEB,'77-85-26,42051368,NATIONAL LOTTERY I,20.00,,991.37
22/12/2016,DEB,'77-85-26,42051368,help.jagex.com,35.99,,1011.37
22/12/2016,DEB,'77-85-26,42051368,help.jagex.com,35.99,,1047.36
22/12/2016,DEB,'77-85-26,42051368,W M MORRISONS PLC,9.91,,1083.35
21/12/2016,DEB,'77-85-26,42051368,W M MORRISONS PLC,21.73,,1093.26
20/12/2016,DEB,'77-85-26,42051368,W M MORRISONS PLC,10.67,,1114.99
19/12/2016,DEB,'77-85-26,42051368,ASDA STORES 4510,4.80,,1125.66
19/12/2016,DEB,'77-85-26,42051368,BANGOR UNIVERSITY,4.40,,1130.46
19/12/2016,DEB,'77-85-26,42051368,ASDA STORES 4510,3.20,,1134.86
16/12/2016,DEB,'77-85-26,42051368,help.jagex.com,10.79,,1138.06
16/12/2016,DEB,'77-85-26,42051368,W M MORRISONS PLC,7.40,,1148.85
15/12/2016,DEB,'77-85-26,42051368,W M MORRISONS PLC,13.35,,1156.25
14/12/2016,DEB,'77-85-26,42051368,W M MORRISONS PLC,8.53,,1169.60
14/12/2016,DEB,'77-85-26,42051368,BANGOR UNIVERSITY,1.30,,1178.13
14/12/2016,DD,'77-85-26,42051368,PAYPAL PAYMENT,26.50,,1179.43
14/12/2016,DD,'77-85-26,42051368,PAYPAL PAYMENT,5.99,,1205.93
13/12/2016,DEB,'77-85-26,42051368,W M MORRISONS PLC,8.99,,1211.92
12/12/2016,DEB,'77-85-26,42051368,ASDA STORES 4510,3.40,,1220.91
12/12/2016,DEB,'77-85-26,42051368,BANGOR UNIVERSITY,5.00,,1224.31
12/12/2016,DEB,'77-85-26,42051368,ASDA STORES 4510,3.40,,1229.31
09/12/2016,DEB,'77-85-26,42051368,W M MORRISONS PLC,15.06,,1232.71
09/12/2016,DEB,'77-85-26,42051368,W M MORRISONS PLC,7.23,,1247.77
09/12/2016,DD,'77-85-26,42051368,PAYPAL PAYMENT,20.00,,1255.00
09/12/2016,BGC,'77-85-26,42051368,ASDA STORES PLC,,254.42,1275.00
08/12/2016,DEB,'77-85-26,42051368,W M MORRISONS PLC,6.19,,1020.58
07/12/2016,DEB,'77-85-26,42051368,W M MORRISONS PLC,4.23,,1026.77
06/12/2016,DEB,'77-85-26,42051368,W M MORRISONS PLC,6.46,,1031.00
06/12/2016,DEB,'77-85-26,42051368,W M MORRISONS PLC,3.00,,1037.46
05/12/2016,DEB,'77-85-26,42051368,ASDA STORES 4510,4.70,,1040.46
05/12/2016,DEB,'77-85-26,42051368,GIFFGAFF.COM,5.00,,1045.16
05/12/2016,DEB,'77-85-26,42051368,ASDA STORES 4510,3.20,,1050.16
05/12/2016,DEB,'77-85-26,42051368,BANGOR UNIVERSITY,300.00,,1053.36
05/12/2016,DEB,'77-85-26,42051368,LATE SHOP,5.28,,1353.36
02/12/2016,DEB,'77-85-26,42051368,W M MORRISONS PLC,10.76,,1358.64
30/11/2016,DEB,'77-85-26,42051368,W M MORRISONS PLC,3.00,,1369.40
30/11/2016,DEB,'77-85-26,42051368,W M MORRISONS PLC,2.00,,1372.40
29/11/2016,DEB,'77-85-26,42051368,HEALTHSPAN LIMITED,9.95,,1374.40
29/11/2016,DEB,'77-85-26,42051368,THE PIZZA HOUSE,18.30,,1384.35
28/11/2016,DEB,'77-85-26,42051368,ASDA STORES 4510,7.35,,1402.65
28/11/2016,DEB,'77-85-26,42051368,BANGOR UNIVERSITY,4.49,,1410.00
28/11/2016,DEB,'77-85-26,42051368,ASDA STORES 4510,3.35,,1414.49
25/11/2016,DEB,'77-85-26,42051368,AMAZON UK RETAIL A,43.63,,1417.84
25/11/2016,DEB,'77-85-26,42051368,Amazon UK Marketpl,22.71,,1461.47
25/11/2016,DEB,'77-85-26,42051368,W M MORRISONS PLC,3.00,,1484.18
25/11/2016,DEB,'77-85-26,42051368,BANGOR UNIVERSITY,2.65,,1487.18
24/11/2016,DEB,'77-85-26,42051368,W M MORRISO 000000,41.00,,1489.83
24/11/2016,DEB,'77-85-26,42051368,SPORTSDIRECT.COM,38.05,,1530.83
24/11/2016,DEB,'77-85-26,42051368,Amazon UK Marketpl,1.95,,1568.88
23/11/2016,DEB,'77-85-26,42051368,BAR UNO,10.00,,1570.83
22/11/2016,DEB,'77-85-26,42051368,W M MORRISONS PLC,6.68,,1580.83
22/11/2016,DEB,'77-85-26,42051368,W M MORRISONS PLC,6.00,,1587.51
21/11/2016,DEB,'77-85-26,42051368,THE MENAI HOTEL,16.85,,1593.51
21/11/2016,DEB,'77-85-26,42051368,THE MENAI HOTEL,11.55,,1610.36
21/11/2016,DEB,'77-85-26,42051368,W M MORRISO 000000,41.95,,1621.91
21/11/2016,DEB,'77-85-26,42051368,ASDA STORES 4510,10.63,,1663.86
18/11/2016,DEB,'77-85-26,42051368,W M MORRISONS PLC,4.20,,1674.49
18/11/2016,DEB,'77-85-26,42051368,W M MORRISONS PLC,4.00,,1678.69
18/11/2016,DEB,'77-85-26,42051368,W M MORRISONS PLC,3.24,,1682.69
18/11/2016,DD,'77-85-26,42051368,PAYPAL PAYMENT,20.00,,1685.93
17/11/2016,DEB,'77-85-26,42051368,W M MORRISONS PLC,3.24,,1705.93
17/11/2016,DEB,'77-85-26,42051368,W M MORRISONS PLC,1.00,,1709.17
16/11/2016,DEB,'77-85-26,42051368,W M MORRISONS PLC,6.64,,1710.17
16/11/2016,DEB,'77-85-26,42051368,W M MORRISONS PLC,5.75,,1716.81
15/11/2016,DEB,'77-85-26,42051368,W M MORRISONS PLC,15.93,,1722.56
15/11/2016,DEB,'77-85-26,42051368,BANGOR UNIVERSITY,1.30,,1738.49
15/11/2016,DD,'77-85-26,42051368,PAYPAL PAYMENT,22.30,,1739.79
14/11/2016,DEB,'77-85-26,42051368,ASDA STORES 4510,12.65,,1762.09
14/11/2016,DEB,'77-85-26,42051368,BANGOR UNIVERSITY,1.69,,1774.74
14/11/2016,DEB,'77-85-26,42051368,ASDA STORES 4510,9.35,,1776.43
14/11/2016,DEB,'77-85-26,42051368,BANGOR UNIVERSITY,1.69,,1785.78
11/11/2016,DEB,'77-85-26,42051368,BANGOR UNIVERSITY,3.89,,1787.47
11/11/2016,BGC,'77-85-26,42051368,ASDA STORES PLC,,444.04,1791.36
10/11/2016,DEB,'77-85-26,42051368,PP ONLINE,,90.00,1347.32
09/11/2016,DEB,'77-85-26,42051368,BANGOR UNIVERSITY,3.90,,1257.32
08/11/2016,DEB,'77-85-26,42051368,LATE SHOP,8.65,,1261.22
08/11/2016,DEB,'77-85-26,42051368,THE PIZZA HOUSE,5.20,,1269.87
07/11/2016,DEB,'77-85-26,42051368,THE MENAI HOTEL,6.10,,1275.07
07/11/2016,DEB,'77-85-26,42051368,ASDA STORES 4510,9.25,,1281.17
07/11/2016,DEB,'77-85-26,42051368,LATE SHOP,3.30,,1290.42
07/11/2016,DEB,'77-85-26,42051368,ASDA STORES 4510,6.74,,1293.72
04/11/2016,DEB,'77-85-26,42051368,W M MORRISONS PLC,6.54,,1300.46
03/11/2016,DEB,'77-85-26,42051368,NATIONAL LOTTERY I,20.00,,1307.00
03/11/2016,DEB,'77-85-26,42051368,AMAZON UK RETAIL A,10.74,,1327.00
03/11/2016,DEB,'77-85-26,42051368,Amazon UK Marketpl,6.20,,1337.74
03/11/2016,DEB,'77-85-26,42051368,GIFFGAFF.COM,5.00,,1343.94
03/11/2016,DEB,'77-85-26,42051368,Amazon UK Marketpl,1.37,,1348.94
02/11/2016,DEB,'77-85-26,42051368,THE PIZZA HOUSE,26.40,,1350.31
02/11/2016,DEB,'77-85-26,42051368,UNDEB TRADING,7.00,,1376.71
02/11/2016,DEB,'77-85-26,42051368,W M MORRISONS PLC,5.20,,1383.71
02/11/2016,DD,'77-85-26,42051368,PAYPAL PAYMENT,20.00,,1388.91
01/11/2016,DEB,'77-85-26,42051368,BANGOR UNIVERSITY,4.40,,1408.91
01/11/2016,DEB,'77-85-26,42051368,W M MORRISONS PLC,3.23,,1413.31
01/11/2016,DEB,'77-85-26,42051368,THE PIZZA HOUSE,14.00,,1416.54
31/10/2016,DEB,'77-85-26,42051368,ASDA STORES 4510,7.79,,1430.54
31/10/2016,DEB,'77-85-26,42051368,ASDA STORES 4510,2.85,,1438.33
31/10/2016,DEB,'77-85-26,42051368,BANGOR UNIVERSITY,1.30,,1441.18
28/10/2016,DEB,'77-85-26,42051368,W M MORRISONS PLC,3.57,,1442.48
26/10/2016,DD,'77-85-26,42051368,PAYPAL PAYMENT,11.86,,1446.05
26/10/2016,DD,'77-85-26,42051368,PAYPAL PAYMENT,8.04,,1457.91
25/10/2016,DEB,'77-85-26,42051368,W M MORRISONS PLC,6.69,,1465.95
24/10/2016,DEB,'77-85-26,42051368,ASDA STORES 4510,7.05,,1472.64
24/10/2016,DEB,'77-85-26,42051368,ASDA STORES 4510,2.83,,1479.69
21/10/2016,DEB,'77-85-26,42051368,W M MORRISONS PLC,3.00,,1482.52
20/10/2016,DEB,'77-85-26,42051368,DEBENHAMS,46.00,,1485.52
20/10/2016,DEB,'77-85-26,42051368,ASDA STORES 4510,5.91,,1531.52
20/10/2016,DEB,'77-85-26,42051368,W M MORRISONS PLC,4.43,,1537.43
19/10/2016,DEB,'77-85-26,42051368,BAR UNO,11.15,,1541.86
19/10/2016,DEB,'77-85-26,42051368,W M MORRISONS PLC,3.23,,1553.01
19/10/2016,CPT,'77-85-26,42051368,LNK ASDA BANGOR,40.00,,1556.24
18/10/2016,DEB,'77-85-26,42051368,W M MORRISONS PLC,3.97,,1596.24
18/10/2016,DEB,'77-85-26,42051368,BANGOR UNIVERSITY,2.00,,1600.21
18/10/2016,DEB,'77-85-26,42051368,W M MORRISONS PLC,1.23,,1602.21
14/10/2016,DEB,'77-85-26,42051368,BANGOR UNIVERSITY,1525.64,,1603.44
13/10/2016,DEB,'77-85-26,42051368,BANGOR UNIVERSITY,2.29,,3129.08
13/10/2016,DEB,'77-85-26,42051368,AMAZON UK PRIME AM,,39.00,3131.37
12/10/2016,DEB,'77-85-26,42051368,AMAZON UK PRIME AM,39.00,,3092.37
12/10/2016,DEB,'77-85-26,42051368,PP ONLINE,20.00,,3131.37
12/10/2016,DEB,'77-85-26,42051368,BAR UNO,9.90,,3151.37
11/10/2016,DEB,'77-85-26,42051368,W M MORRISONS PLC,12.14,,3161.27
10/10/2016,DEB,'77-85-26,42051368,ASDA STORES 4510,6.55,,3173.41
10/10/2016,DEB,'77-85-26,42051368,W M MORRISONS PLC,18.75,,3179.96
10/10/2016,DEB,'77-85-26,42051368,BANGOR UNIVERSITY,2.29,,3198.71
07/10/2016,DEB,'77-85-26,42051368,W M MORRISONS PLC,7.64,,3201.00
05/10/2016,DEB,'77-85-26,42051368,W M MORRISONS PLC,6.09,,3208.64
04/10/2016,DEB,'77-85-26,42051368,W M MORRISONS PLC,6.46,,3214.73
03/10/2016,DEB,'77-85-26,42051368,GIFFGAFF.COM,5.00,,3221.19
03/10/2016,DEB,'77-85-26,42051368,GOOGLE *Martin Sta,1.99,,3226.19
03/10/2016,DEB,'77-85-26,42051368,ASDA STORES 4510,1.06,,3228.18
29/09/2016,DEB,'77-85-26,42051368,W M MORRISONS PLC,3.05,,3229.24
28/09/2016,DEB,'77-85-26,42051368,DEBENHAMS.COM,33.49,,3232.29
28/09/2016,DEB,'77-85-26,42051368,Amazon UK Marketpl,27.99,,3265.78
28/09/2016,DEB,'77-85-26,42051368,W M MORRISONS PLC,4.78,,3293.77
27/09/2016,DEB,'77-85-26,42051368,W M MORRISONS PLC,4.48,,3298.55
26/09/2016,DEB,'77-85-26,42051368,W M MORRISONS PLC,10.09,,3303.03
26/09/2016,BGC,'77-85-26,42051368,SLC DISBURSEMENTS,,1381.05,3313.12
26/09/2016,BGC,'77-85-26,42051368,SLC DISBURSEMENTS,,1129.00,1932.07
23/09/2016,DEB,'77-85-26,42051368,W M MORRISONS PLC,5.06,,803.07
23/09/2016,DEB,'77-85-26,42051368,W M MORRISONS PLC,2.00,,808.13
21/09/2016,DEB,'77-85-26,42051368,Amazon UK Marketpl,28.99,,810.13
21/09/2016,DEB,'77-85-26,42051368,AMAZON UK RETAIL A,24.51,,839.12
21/09/2016,DEB,'77-85-26,42051368,W M MORRISONS PLC,15.10,,863.63
21/09/2016,DEB,'77-85-26,42051368,Amazon UK Marketpl,11.99,,878.73
21/09/2016,DEB,'77-85-26,42051368,W M MORRISONS PLC,6.00,,890.72
21/09/2016,DD,'77-85-26,42051368,PAYPAL PAYMENT,20.00,,896.72
12/09/2016,DEB,'77-85-26,42051368,PRIMARK 684,46.00,,916.72
05/09/2016,DEB,'77-85-26,42051368,GIFFGAFF.COM,5.00,,962.72
30/08/2016,DEB,'77-85-26,42051368,MARKS&SPENCER PLC,84.05,,967.72
17/08/2016,DEB,'77-85-26,42051368,NATIONAL LOTTERY I,20.00,,1051.77
15/08/2016,CPT,'77-85-26,42051368,LOYD MORR RHYL,40.00,,1071.77
05/08/2016,DEB,'77-85-26,42051368,Amazon UK Marketpl,22.63,,1111.77
03/08/2016,DEB,'77-85-26,42051368,GIFFGAFF.COM,5.00,,1134.40
02/08/2016,DEB,'77-85-26,42051368,Amazon UK Marketpl,15.47,,1139.40
01/08/2016,DEB,'77-85-26,42051368,NATIONAL LOTTERY I,20.00,,1154.87
28/07/2016,FPI,'77-85-26,42051368,PAYPAL,,26.99,1174.87
20/07/2016,DD,'77-85-26,42051368,PAYPAL PAYMENT,26.99,,1147.88
20/07/2016,DD,'77-85-26,42051368,PAYPAL PAYMENT,26.99,,1174.87
15/07/2016,DD,'77-85-26,42051368,PAYPAL PAYMENT,4.00,,1201.86
12/07/2016,DD,'77-85-26,42051368,PAYPAL PAYMENT,14.99,,1205.86
06/07/2016,DEB,'77-85-26,42051368,CAMELOT UK LOTTERI,,10.00,1220.85
05/07/2016,DEB,'77-85-26,42051368,Amazon UK Marketpl,58.73,,1210.85
05/07/2016,DEB,'77-85-26,42051368,Amazon UK Marketpl,50.45,,1269.58
05/07/2016,DEB,'77-85-26,42051368,AMAZON UK RETAIL A,10.99,,1320.03
05/07/2016,DEB,'77-85-26,42051368,Amazon UK Marketpl,647.59,,1331.02
04/07/2016,DEB,'77-85-26,42051368,Amazon UK Retail,104.99,,1978.61
04/07/2016,DEB,'77-85-26,42051368,Amazon UK Retail,62.51,,2083.60
04/07/2016,DEB,'77-85-26,42051368,Amazon UK Retail,58.58,,2146.11
04/07/2016,DEB,'77-85-26,42051368,W M MORRISON PLC,8.75,,2204.69
04/07/2016,DEB,'77-85-26,42051368,GIFFGAFF.COM,5.00,,2213.44
04/07/2016,DEB,'77-85-26,42051368,Ladbrokes.com,,237.50,2218.44
04/07/2016,TFR,'77-85-26,42051368,MR JACK A WILSON,35.00,,1980.94
29/06/2016,DEB,'77-85-26,42051368,Ladbrokes.com,,11.00,2015.94
28/06/2016,DEB,'77-85-26,42051368,Ladbrokes.com,10.00,,2004.94
28/06/2016,DEB,'77-85-26,42051368,AMAZON UK RETAIL A,4.44,,2014.94
27/06/2016,DEB,'77-85-26,42051368,Amazon UK Marketpl,29.99,,2019.38
27/06/2016,DEB,'77-85-26,42051368,PRIMARK 684,49.50,,2049.37
27/06/2016,DEB,'77-85-26,42051368,SUBWAY,10.30,,2098.87
27/06/2016,DEB,'77-85-26,42051368,Ladbrokes.com,,40.00,2109.17
27/06/2016,TFR,'77-85-26,42051368,J WILSON   25JUN16,,12.00,2069.17
